@Misc{GPRM,
author = {Ashkan Tousimojarad, Wim Vanderbauwhede},
title = {{The Glasgow Parallel Reduction Machine: Programming Shared-memory Many-core Systems using Parallel Task Composition}},
year = 2013
}

@Misc{parsec,
author = {Daam Leijen},
title = {{Parsec: Direct Style Monadic Parser Combinators For The Real World}}, 
year = 2001
}

@Misc{cabal,
title = {{The Haskell Cabal}},
howpublished = {\url{https://www.haskell.org/cabal/}},
note ={Accessed: 2015-03-11}
}

@Misc{halting,
author = {{A. M. Turing}},
title = {On Computable Numbers, With An Application To The Entscheidungsproblem},
year = 1936
}
